@book{kalos_whitlock,
  title={{Monte Carlo} Methods},
  author={Kalos, M.H. and Whitlock, P.A.},
  isbn={978-3-527-40760-6},
  year={2008},
  publisher={Wiley}
}
