@book{newton_gravity_1687,
author={Sir Issac Newton},
title={Philosophi$\ae$ 
       Naturalis Principia 
       Mathematica},
year=1687
}
